<?xml version="1.0" encoding="UTF-8"?><collection xmlns="http://www.loc.gov/MARC21/slim"><record><leader>00425nam--2200133-i-4500</leader><controlfield tag="001">000014835</controlfield><controlfield tag="002">20161230</controlfield><controlfield tag="005">20161230201031</controlfield><controlfield tag="008">060222s1000------------r-----000-0-eng-d</controlfield><datafield ind1=" " ind2=" " tag="080"><subfield code="a">551.510.42:541.182.2(043)</subfield></datafield><datafield ind1=" " ind2=" " tag="100"><subfield code="a">Abele, Josef</subfield></datafield><datafield ind1=" " ind2=" " tag="245"><subfield code="a">Neuere aerosolmessungen im bereich o,15 3o m unter besonderer berucksichtigung optischer effecte. dissertation</subfield></datafield><datafield ind1=" " ind2=" " tag="260"><subfield code="a">Tubinmgen,Fakultat Fur Physik ,1980 86p</subfield></datafield><datafield ind1=" " ind2=" " tag="852"><subfield code="a">75737</subfield></datafield></record></collection>